@book{rasmussen,
  title={Gaussian Processes for Machine Learning},
  author={Rasmussen, Carl Edward and Williams, Christopher K. I.},
  year={2006},
  publisher={MIT Press}
}

@online{bookdowntransform,
  title={Transformations},
  author={Kaldunn, P.},
  url={https://bookdown.org/pkaldunn/DistTheory/Transformations.html},
  note={Accessed: 2025-04-10}
}

@online{distill,
  title={A Visual Exploration of Gaussian Processes},
  author={Distill.pub},
  year={2019},
  url={https://distill.pub/2019/visual-exploration-gaussian-processes/},
  note={Accessed: 2025-04-10}
}
